%% This BibTeX bibliography file was created using BibDesk.
%% http://bibdesk.sourceforge.net/


%% Created for Michael Cumming at 2015-02-21 14:40:23 -0500 


%% Saved with string encoding Unicode (UTF-8) 



@book{bucciarelli1994designing,
	Author = {Bucciarelli, Louis L},
	Date-Added = {2015-02-17 19:10:49 +0000},
	Date-Modified = {2015-02-21 18:49:31 +0000},
	Publisher = {MIT press},
	Rating = {3},
	Title = {Designing engineers},
	Year = {1994}}

@book{clancey1997situated,
	Author = {Clancey, William J},
	Date-Added = {2014-05-12 15:49:08 +0000},
	Date-Modified = {2014-05-12 15:49:08 +0000},
	Publisher = {Cambridge University Press},
	Title = {Situated cognition: On human knowledge and computer representations},
	Year = {1997}}

@article{malone1999tools,
	Author = {Malone, Thomas W and Crowston, Kevin and Lee, Jintae and Pentland, Brian and Dellarocas, Chrysanthos and Wyner, George and Quimby, John and Osborn, Charles S and Bernstein, Abraham and Herman, George and others},
	Date-Added = {2014-05-10 00:04:56 +0000},
	Date-Modified = {2014-05-10 00:04:56 +0000},
	Journal = {Management Science},
	Number = {3},
	Pages = {425--443},
	Publisher = {INFORMS},
	Title = {Tools for inventing organizations: Toward a handbook of organizational processes},
	Volume = {45},
	Year = {1999},
	Bdsk-File-1 = {YnBsaXN0MDDUAQIDBAUGJCVYJHZlcnNpb25YJG9iamVjdHNZJGFyY2hpdmVyVCR0b3ASAAGGoKgHCBMUFRYaIVUkbnVsbNMJCgsMDxJXTlMua2V5c1pOUy5vYmplY3RzViRjbGFzc6INDoACgAOiEBGABIAFgAdccmVsYXRpdmVQYXRoWWFsaWFzRGF0YV8QHi4uLy4uLy4uL0Rvd25sb2Fkcy8xOTk1MjYxLnBkZtIXCxgZV05TLmRhdGFPEQF2AAAAAAF2AAIAAAxNYWNpbnRvc2ggSEQAAAAAAAAAAAAAAAAAAADLaacfSCsAAAAFyQQLMTk5NTI2MS5wZGYAAAAAAAAAAAAAAAAAAAAAAAAAAAAAAAAAAAAAAAAAAAAAAAAAAAAAAAAAAAAAAAAAAAAAApPP/M+S5UIAAAAAAAAAAAADAAIAAAkgAAAAAAAAAAAAAAAAAAAACURvd25sb2FkcwAAEAAIAADLae1vAAAAEQAIAADPkx2CAAAAAQAMAAXJBAAFyKIAALlXAAIAM01hY2ludG9zaCBIRDpVc2VyczoAbWljaGFlbDoARG93bmxvYWRzOgAxOTk1MjYxLnBkZgAADgAYAAsAMQA5ADkANQAyADYAMQAuAHAAZABmAA8AGgAMAE0AYQBjAGkAbgB0AG8AcwBoACAASABEABIAI1VzZXJzL21pY2hhZWwvRG93bmxvYWRzLzE5OTUyNjEucGRmAAATAAEvAAAVAAIADv//AACABtIbHB0eWiRjbGFzc25hbWVYJGNsYXNzZXNdTlNNdXRhYmxlRGF0YaMdHyBWTlNEYXRhWE5TT2JqZWN00hscIiNcTlNEaWN0aW9uYXJ5oiIgXxAPTlNLZXllZEFyY2hpdmVy0SYnVHJvb3SAAQAIABEAGgAjAC0AMgA3AEAARgBNAFUAYABnAGoAbABuAHEAcwB1AHcAhACOAK8AtAC8AjYCOAI9AkgCUQJfAmMCagJzAngChQKIApoCnQKiAAAAAAAAAgEAAAAAAAAAKAAAAAAAAAAAAAAAAAAAAqQ=}}

@manual{marty2012steps,
	Author = {Raffael Marty},
	Date-Added = {2014-05-09 19:58:04 +0000},
	Date-Modified = {2014-05-09 20:00:21 +0000},
	Lastchecked = {2014-05-09},
	Month = {01},
	Title = {The Steps To a Mature Visual Analytics Practice},
	Url = {http://raffy.ch/blog/2012/01/08/the-steps-to-a-mature-visual-analytics-practice/},
	Year = {2012},
	Bdsk-Url-1 = {http://raffy.ch/blog/2012/01/08/the-steps-to-a-mature-visual-analytics-practice/}}

@book{kelly1994out,
	Author = {Kelly, Kevin},
	Date-Added = {2014-05-09 16:03:47 +0000},
	Date-Modified = {2015-02-21 19:05:45 +0000},
	Publisher = {Basic Books},
	Rating = {3},
	Title = {Out of control: the new biology of machines, social systems and the economic world},
	Year = {1994}}

@book{schon1983reflective,
	Author = {Sch{\"o}n, Donald A},
	Date-Added = {2014-05-09 16:02:57 +0000},
	Date-Modified = {2014-05-09 16:02:57 +0000},
	Publisher = {Basic books},
	Title = {The reflective practitioner: How professionals think in action},
	Volume = {5126},
	Year = {1983}}

@book{clark1996using,
	Author = {Clark, Herbert H},
	Date-Added = {2014-05-09 16:01:40 +0000},
	Date-Modified = {2014-05-09 16:01:40 +0000},
	Publisher = {Cambridge University Press},
	Title = {Using language},
	Year = {1996}}

@book{simon1996sciences,
	Author = {Simon, Herbert Alexander},
	Date-Added = {2014-05-09 15:57:55 +0000},
	Date-Modified = {2014-05-09 15:57:55 +0000},
	Publisher = {MIT press},
	Title = {The sciences of the artificial},
	Year = {1996}}

@book{keim2008visual,
	Author = {Keim, Daniel and Andrienko, Gennady and Fekete, Jean-Daniel and G{\"o}rg, Carsten and Kohlhammer, J{\"o}rn and Melan{\c{c}}on, Guy},
	Date-Added = {2014-05-09 13:16:35 +0000},
	Date-Modified = {2014-05-09 13:16:50 +0000},
	Keywords = {definition},
	Publisher = {Springer},
	Title = {Visual analytics: Definition, process, and challenges},
	Year = {2008},
	Bdsk-File-1 = {YnBsaXN0MDDUAQIDBAUGJCVYJHZlcnNpb25YJG9iamVjdHNZJGFyY2hpdmVyVCR0b3ASAAGGoKgHCBMUFRYaIVUkbnVsbNMJCgsMDxJXTlMua2V5c1pOUy5vYmplY3RzViRjbGFzc6INDoACgAOiEBGABIAFgAdccmVsYXRpdmVQYXRoWWFsaWFzRGF0YV8QJi4uLy4uLy4uL0Rvd25sb2Fkcy9WQUNoYXB0ZXJfZmluYWwucGRm0hcLGBlXTlMuZGF0YU8RAZYAAAAAAZYAAgAADE1hY2ludG9zaCBIRAAAAAAAAAAAAAAAAAAAAMtppx9IKwAAAAXJBBNWQUNoYXB0ZXJfZmluYWwucGRmAAAAAAAAAAAAAAAAAAAAAAAAAAAAAAAAAAAAAAAAAAAAAAAAAAAAAAAAAAACk6Nsz5JNmgAAAAAAAAAAAAMAAgAACSAAAAAAAAAAAAAAAAAAAAAJRG93bmxvYWRzAAAQAAgAAMtp7W8AAAARAAgAAM+ShdoAAAABAAwABckEAAXIogAAuVcAAgA7TWFjaW50b3NoIEhEOlVzZXJzOgBtaWNoYWVsOgBEb3dubG9hZHM6AFZBQ2hhcHRlcl9maW5hbC5wZGYAAA4AKAATAFYAQQBDAGgAYQBwAHQAZQByAF8AZgBpAG4AYQBsAC4AcABkAGYADwAaAAwATQBhAGMAaQBuAHQAbwBzAGgAIABIAEQAEgArVXNlcnMvbWljaGFlbC9Eb3dubG9hZHMvVkFDaGFwdGVyX2ZpbmFsLnBkZgAAEwABLwAAFQACAA7//wAAgAbSGxwdHlokY2xhc3NuYW1lWCRjbGFzc2VzXU5TTXV0YWJsZURhdGGjHR8gVk5TRGF0YVhOU09iamVjdNIbHCIjXE5TRGljdGlvbmFyeaIiIF8QD05TS2V5ZWRBcmNoaXZlctEmJ1Ryb290gAEACAARABoAIwAtADIANwBAAEYATQBVAGAAZwBqAGwAbgBxAHMAdQB3AIQAjgC3ALwAxAJeAmACZQJwAnkChwKLApICmwKgAq0CsALCAsUCygAAAAAAAAIBAAAAAAAAACgAAAAAAAAAAAAAAAAAAALM}}
