%% This BibTeX bibliography file was created using BibDesk.
%% http://bibdesk.sourceforge.net/


%% Created for Michael Cumming at 2014-10-06 14:25:35 -0400 


%% Saved with string encoding Unicode (UTF-8) 



@inproceedings{fogg1998handjive,
	Author = {Fogg, BJ and Cutler, Lawrence D and Arnold, Perry and Eisbach, Chris},
	Booktitle = {Proceedings of the SIGCHI conference on Human factors in computing systems},
	Date-Added = {2014-05-16 13:24:34 +0000},
	Date-Modified = {2014-05-16 14:16:33 +0000},
	Keywords = {mgds},
	Organization = {ACM Press/Addison-Wesley Publishing Co.},
	Pages = {57--64},
	Title = {HandJive: a device for interpersonal haptic entertainment},
	Year = {1998}}

@article{maclean2008haptic,
	Author = {MacLean, Karon E},
	Date-Added = {2014-05-16 13:14:41 +0000},
	Date-Modified = {2014-05-16 14:16:42 +0000},
	Journal = {Reviews of Human Factors and Ergonomics},
	Keywords = {mgds},
	Number = {1},
	Pages = {149--194},
	Publisher = {SAGE Publications},
	Title = {Haptic interaction design for everyday interfaces},
	Volume = {4},
	Year = {2008}}

@inproceedings{yao2013enhanced,
	Author = {Yao, Lin and Shu, Xiaokang and Meng, Jianjun and Zhang, Dingguo and Sheng, Xinjun and Zhu, Xiangyang},
	Booktitle = {Neural Engineering (NER), 2013 6th International IEEE/EMBS Conference on},
	Date-Added = {2014-05-16 13:12:52 +0000},
	Date-Modified = {2014-05-16 14:16:13 +0000},
	Keywords = {mgds},
	Organization = {IEEE},
	Pages = {29--32},
	Title = {Enhanced motor imagery based brain-computer interface via unilateral wrist vibrotactile stimulation},
	Year = {2013}}

@incollection{seaborn2011designing,
	Author = {Seaborn, Katie and Antle, Alissa N},
	Booktitle = {Entertainment Computing--ICEC 2011},
	Date-Added = {2014-05-16 12:59:59 +0000},
	Date-Modified = {2014-05-16 14:15:44 +0000},
	Keywords = {mgds},
	Pages = {379--382},
	Publisher = {Springer},
	Title = {Designing a wearable vibrotactile feedforward wrist display for novice gameplay},
	Year = {2011}}

@inproceedings{forster2009non,
	Author = {F{\"o}rster, Kilian and B{\"a}chlin, Marc and Tr{\"o}ster, Gerhard},
	Booktitle = {Proceedings of the 2nd International Conference on PErvasive Technologies Related to Assistive Environments},
	Date-Added = {2014-05-15 21:36:57 +0000},
	Date-Modified = {2014-05-16 14:17:15 +0000},
	Keywords = {mgds},
	Organization = {ACM},
	Pages = {38},
	Rating = {0},
	Title = {Non-interrupting user interfaces for electronic body-worn swim devices},
	Year = {2009},
	Bdsk-File-1 = {YnBsaXN0MDDUAQIDBAUGJCVYJHZlcnNpb25YJG9iamVjdHNZJGFyY2hpdmVyVCR0b3ASAAGGoKgHCBMUFRYaIVUkbnVsbNMJCgsMDxJXTlMua2V5c1pOUy5vYmplY3RzViRjbGFzc6INDoACgAOiEBGABIAFgAdccmVsYXRpdmVQYXRoWWFsaWFzRGF0YV8QIi4uLy4uLy4uL0Rvd25sb2Fkcy9hMzgtZm9yc3Rlci5wZGbSFwsYGVdOUy5kYXRhTxEBhgAAAAABhgACAAAMTWFjaW50b3NoIEhEAAAAAAAAAAAAAAAAAAAAy2mnH0grAAAABckED2EzOC1mb3JzdGVyLnBkZgAAAAAAAAAAAAAAAAAAAAAAAAAAAAAAAAAAAAAAAAAAAAAAAAAAAAAAAAAAAAAAAAKU4wXPmqvMAAAAAAAAAAAAAwACAAAJIAAAAAAAAAAAAAAAAAAAAAlEb3dubG9hZHMAABAACAAAy2ntbwAAABEACAAAz5rkDAAAAAEADAAFyQQABciiAAC5VwACADdNYWNpbnRvc2ggSEQ6VXNlcnM6AG1pY2hhZWw6AERvd25sb2FkczoAYTM4LWZvcnN0ZXIucGRmAAAOACAADwBhADMAOAAtAGYAbwByAHMAdABlAHIALgBwAGQAZgAPABoADABNAGEAYwBpAG4AdABvAHMAaAAgAEgARAASACdVc2Vycy9taWNoYWVsL0Rvd25sb2Fkcy9hMzgtZm9yc3Rlci5wZGYAABMAAS8AABUAAgAO//8AAIAG0hscHR5aJGNsYXNzbmFtZVgkY2xhc3Nlc11OU011dGFibGVEYXRhox0fIFZOU0RhdGFYTlNPYmplY3TSGxwiI1xOU0RpY3Rpb25hcnmiIiBfEA9OU0tleWVkQXJjaGl2ZXLRJidUcm9vdIABAAgAEQAaACMALQAyADcAQABGAE0AVQBgAGcAagBsAG4AcQBzAHUAdwCEAI4AswC4AMACSgJMAlECXAJlAnMCdwJ+AocCjAKZApwCrgKxArYAAAAAAAACAQAAAAAAAAAoAAAAAAAAAAAAAAAAAAACuA==}}

@inproceedings{lee2010buzzwear,
	Author = {Lee, Seungyon Claire and Starner, Thad},
	Booktitle = {Proceedings of the SIGCHI conference on Human factors in computing systems},
	Date-Added = {2014-05-15 21:34:46 +0000},
	Date-Modified = {2014-05-16 14:15:31 +0000},
	Keywords = {mgds},
	Organization = {ACM},
	Pages = {433--442},
	Rating = {0},
	Title = {BuzzWear: alert perception in wearable tactile displays on the wrist},
	Year = {2010},
	Bdsk-File-1 = {YnBsaXN0MDDUAQIDBAUGJCVYJHZlcnNpb25YJG9iamVjdHNZJGFyY2hpdmVyVCR0b3ASAAGGoKgHCBMUFRYaIVUkbnVsbNMJCgsMDxJXTlMua2V5c1pOUy5vYmplY3RzViRjbGFzc6INDoACgAOiEBGABIAFgAdccmVsYXRpdmVQYXRoWWFsaWFzRGF0YV8QHy4uLy4uLy4uL0Rvd25sb2Fkcy9wNDMzLWxlZS5wZGbSFwsYGVdOUy5kYXRhTxEBeAAAAAABeAACAAAMTWFjaW50b3NoIEhEAAAAAAAAAAAAAAAAAAAAy2mnH0grAAAABckEDHA0MzMtbGVlLnBkZgAAAAAAAAAAAAAAAAAAAAAAAAAAAAAAAAAAAAAAAAAAAAAAAAAAAAAAAAAAAAAAAAAAAAKU4tfPmqtTAAAAAAAAAAAAAwACAAAJIAAAAAAAAAAAAAAAAAAAAAlEb3dubG9hZHMAABAACAAAy2ntbwAAABEACAAAz5rjkwAAAAEADAAFyQQABciiAAC5VwACADRNYWNpbnRvc2ggSEQ6VXNlcnM6AG1pY2hhZWw6AERvd25sb2FkczoAcDQzMy1sZWUucGRmAA4AGgAMAHAANAAzADMALQBsAGUAZQAuAHAAZABmAA8AGgAMAE0AYQBjAGkAbgB0AG8AcwBoACAASABEABIAJFVzZXJzL21pY2hhZWwvRG93bmxvYWRzL3A0MzMtbGVlLnBkZgATAAEvAAAVAAIADv//AACABtIbHB0eWiRjbGFzc25hbWVYJGNsYXNzZXNdTlNNdXRhYmxlRGF0YaMdHyBWTlNEYXRhWE5TT2JqZWN00hscIiNcTlNEaWN0aW9uYXJ5oiIgXxAPTlNLZXllZEFyY2hpdmVy0SYnVHJvb3SAAQAIABEAGgAjAC0AMgA3AEAARgBNAFUAYABnAGoAbABuAHEAcwB1AHcAhACOALAAtQC9AjkCOwJAAksCVAJiAmYCbQJ2AnsCiAKLAp0CoAKlAAAAAAAAAgEAAAAAAAAAKAAAAAAAAAAAAAAAAAAAAqc=}}

@article{white1970seeing,
	Author = {White, Benjamin W and Saunders, Frank A and Scadden, Lawrence and Bach-Y-Rita, Paul and Collins, Carter C},
	Date-Added = {2014-05-15 20:36:48 +0000},
	Date-Modified = {2014-05-16 14:17:26 +0000},
	Journal = {Perception \& Psychophysics},
	Keywords = {mgds},
	Number = {1},
	Pages = {23--27},
	Publisher = {Springer},
	Title = {Seeing with the skin},
	Volume = {7},
	Year = {1970},
	Bdsk-File-1 = {YnBsaXN0MDDUAQIDBAUGJCVYJHZlcnNpb25YJG9iamVjdHNZJGFyY2hpdmVyVCR0b3ASAAGGoKgHCBMUFRYaIVUkbnVsbNMJCgsMDxJXTlMua2V5c1pOUy5vYmplY3RzViRjbGFzc6INDoACgAOiEBGABIAFgAdccmVsYXRpdmVQYXRoWWFsaWFzRGF0YV8QMS4uLy4uLy4uL0Rvd25sb2Fkcy9hcnQlM0ExMC4zNzU4JTJGQkYwMzIxMDEyNi5wZGbSFwsYGVdOUy5kYXRhTxEBwAAAAAABwAACAAAMTWFjaW50b3NoIEhEAAAAAAAAAAAAAAAAAAAAy2mnH0grAAAABckEHmFydCUzQTEwLjM3NTglMkZCRjAzMjEwMTI2LnBkZgAAAAAAAAAAAAAAAAAAAAAAAAAAAAAAAAAAAAAAAAAAAAKU4XzPmp2KAAAAAAAAAAAAAwACAAAJIAAAAAAAAAAAAAAAAAAAAAlEb3dubG9hZHMAABAACAAAy2ntbwAAABEACAAAz5rVygAAAAEADAAFyQQABciiAAC5VwACAEZNYWNpbnRvc2ggSEQ6VXNlcnM6AG1pY2hhZWw6AERvd25sb2FkczoAYXJ0JTNBMTAuMzc1OCUyRkJGMDMyMTAxMjYucGRmAA4APgAeAGEAcgB0ACUAMwBBADEAMAAuADMANwA1ADgAJQAyAEYAQgBGADAAMwAyADEAMAAxADIANgAuAHAAZABmAA8AGgAMAE0AYQBjAGkAbgB0AG8AcwBoACAASABEABIANlVzZXJzL21pY2hhZWwvRG93bmxvYWRzL2FydCUzQTEwLjM3NTglMkZCRjAzMjEwMTI2LnBkZgATAAEvAAAVAAIADv//AACABtIbHB0eWiRjbGFzc25hbWVYJGNsYXNzZXNdTlNNdXRhYmxlRGF0YaMdHyBWTlNEYXRhWE5TT2JqZWN00hscIiNcTlNEaWN0aW9uYXJ5oiIgXxAPTlNLZXllZEFyY2hpdmVy0SYnVHJvb3SAAQAIABEAGgAjAC0AMgA3AEAARgBNAFUAYABnAGoAbABuAHEAcwB1AHcAhACOAMIAxwDPApMClQKaAqUCrgK8AsACxwLQAtUC4gLlAvcC+gL/AAAAAAAAAgEAAAAAAAAAKAAAAAAAAAAAAAAAAAAAAwE=}}

@inproceedings{yanagida2004vibrotactile,
	Author = {Yanagida, Yasuyuki and Kakita, Mitsuhiro and Lindeman, Robert W and Kume, Yuichiro and Tetsutani, Nobuji},
	Booktitle = {Haptic Interfaces for Virtual Environment and Teleoperator Systems, 2004. HAPTICS'04. Proceedings. 12th International Symposium on},
	Date-Added = {2014-05-15 20:33:59 +0000},
	Date-Modified = {2014-05-16 14:17:57 +0000},
	Keywords = {mgds},
	Organization = {IEEE},
	Pages = {400--406},
	Title = {Vibrotactile letter reading using a low-resolution tactor array},
	Year = {2004},
	Bdsk-File-1 = {YnBsaXN0MDDUAQIDBAUGJCVYJHZlcnNpb25YJG9iamVjdHNZJGFyY2hpdmVyVCR0b3ASAAGGoKgHCBMUFRYaIVUkbnVsbNMJCgsMDxJXTlMua2V5c1pOUy5vYmplY3RzViRjbGFzc6INDoACgAOiEBGABIAFgAdccmVsYXRpdmVQYXRoWWFsaWFzRGF0YV8QLi4uLy4uLy4uL0Rvd25sb2Fkcy95YW5hZ2lkYV9oYXB0aWNzeW1wMjAwNC5wZGbSFwsYGVdOUy5kYXRhTxEBtgAAAAABtgACAAAMTWFjaW50b3NoIEhEAAAAAAAAAAAAAAAAAAAAy2mnH0grAAAABckEG3lhbmFnaWRhX2hhcHRpY3N5bXAyMDA0LnBkZgAAAAAAAAAAAAAAAAAAAAAAAAAAAAAAAAAAAAAAAAAAAAAAAAKQz2HPhB7BAAAAAAAAAAAAAwACAAAJIAAAAAAAAAAAAAAAAAAAAAlEb3dubG9hZHMAABAACAAAy2ntbwAAABEACAAAz4RXAQAAAAEADAAFyQQABciiAAC5VwACAENNYWNpbnRvc2ggSEQ6VXNlcnM6AG1pY2hhZWw6AERvd25sb2FkczoAeWFuYWdpZGFfaGFwdGljc3ltcDIwMDQucGRmAAAOADgAGwB5AGEAbgBhAGcAaQBkAGEAXwBoAGEAcAB0AGkAYwBzAHkAbQBwADIAMAAwADQALgBwAGQAZgAPABoADABNAGEAYwBpAG4AdABvAHMAaAAgAEgARAASADNVc2Vycy9taWNoYWVsL0Rvd25sb2Fkcy95YW5hZ2lkYV9oYXB0aWNzeW1wMjAwNC5wZGYAABMAAS8AABUAAgAO//8AAIAG0hscHR5aJGNsYXNzbmFtZVgkY2xhc3Nlc11OU011dGFibGVEYXRhox0fIFZOU0RhdGFYTlNPYmplY3TSGxwiI1xOU0RpY3Rpb25hcnmiIiBfEA9OU0tleWVkQXJjaGl2ZXLRJidUcm9vdIABAAgAEQAaACMALQAyADcAQABGAE0AVQBgAGcAagBsAG4AcQBzAHUAdwCEAI4AvwDEAMwChgKIAo0CmAKhAq8CswK6AsMCyALVAtgC6gLtAvIAAAAAAAACAQAAAAAAAAAoAAAAAAAAAAAAAAAAAAAC9A==}}

@article{ivorra2008minimally,
	Author = {Ivorra, Antoni and Daniels, Charlotte and Rubinsky, Boris},
	Date-Added = {2014-05-15 19:29:47 +0000},
	Date-Modified = {2014-05-16 14:17:08 +0000},
	Journal = {Physiological measurement},
	Keywords = {mgds},
	Number = {5},
	Pages = {543},
	Publisher = {IOP Publishing},
	Title = {Minimally obtrusive wearable device for continuous interactive cognitive and neurological assessment},
	Volume = {29},
	Year = {2008},
	Bdsk-File-1 = {YnBsaXN0MDDUAQIDBAUGJCVYJHZlcnNpb25YJG9iamVjdHNZJGFyY2hpdmVyVCR0b3ASAAGGoKgHCBMUFRYaIVUkbnVsbNMJCgsMDxJXTlMua2V5c1pOUy5vYmplY3RzViRjbGFzc6INDoACgAOiEBGABIAFgAdccmVsYXRpdmVQYXRoWWFsaWFzRGF0YV8QKC4uLy4uLy4uL0Rvd25sb2Fkcy93ZWFyYWJsZSUyMGRldmljZS5wZGbSFwsYGVdOUy5kYXRhTxEBngAAAAABngACAAAMTWFjaW50b3NoIEhEAAAAAAAAAAAAAAAAAAAAy2mnH0grAAAABckEFXdlYXJhYmxlJTIwZGV2aWNlLnBkZgAAAAAAAAAAAAAAAAAAAAAAAAAAAAAAAAAAAAAAAAAAAAAAAAAAAAAAAAKU2qLPmo37AAAAAAAAAAAAAwACAAAJIAAAAAAAAAAAAAAAAAAAAAlEb3dubG9hZHMAABAACAAAy2ntbwAAABEACAAAz5rGOwAAAAEADAAFyQQABciiAAC5VwACAD1NYWNpbnRvc2ggSEQ6VXNlcnM6AG1pY2hhZWw6AERvd25sb2FkczoAd2VhcmFibGUlMjBkZXZpY2UucGRmAAAOACwAFQB3AGUAYQByAGEAYgBsAGUAJQAyADAAZABlAHYAaQBjAGUALgBwAGQAZgAPABoADABNAGEAYwBpAG4AdABvAHMAaAAgAEgARAASAC1Vc2Vycy9taWNoYWVsL0Rvd25sb2Fkcy93ZWFyYWJsZSUyMGRldmljZS5wZGYAABMAAS8AABUAAgAO//8AAIAG0hscHR5aJGNsYXNzbmFtZVgkY2xhc3Nlc11OU011dGFibGVEYXRhox0fIFZOU0RhdGFYTlNPYmplY3TSGxwiI1xOU0RpY3Rpb25hcnmiIiBfEA9OU0tleWVkQXJjaGl2ZXLRJidUcm9vdIABAAgAEQAaACMALQAyADcAQABGAE0AVQBgAGcAagBsAG4AcQBzAHUAdwCEAI4AuQC+AMYCaAJqAm8CegKDApEClQKcAqUCqgK3AroCzALPAtQAAAAAAAACAQAAAAAAAAAoAAAAAAAAAAAAAAAAAAAC1g==}}

@incollection{chen2008tactor,
	Author = {Chen, Hsiang-Yu and Santos, Joseph and Graves, Matthew and Kim, Kwangtaek and Tan, Hong Z},
	Booktitle = {Haptics: Perception, Devices and Scenarios},
	Date-Added = {2014-05-15 19:27:02 +0000},
	Date-Modified = {2014-05-16 14:17:35 +0000},
	Keywords = {mgds},
	Pages = {209--218},
	Publisher = {Springer},
	Rating = {0},
	Title = {Tactor localization at the wrist},
	Year = {2008},
	Bdsk-File-1 = {YnBsaXN0MDDUAQIDBAUGJCVYJHZlcnNpb25YJG9iamVjdHNZJGFyY2hpdmVyVCR0b3ASAAGGoKgHCBMUFRYaIVUkbnVsbNMJCgsMDxJXTlMua2V5c1pOUy5vYmplY3RzViRjbGFzc6INDoACgAOiEBGABIAFgAdccmVsYXRpdmVQYXRoWWFsaWFzRGF0YV8QKy4uLy4uLy4uL0Rvd25sb2Fkcy9DODZfQ2hlbl9ldGFsX0VIMjAwOC5wZGbSFwsYGVdOUy5kYXRhTxEBqAAAAAABqAACAAAMTWFjaW50b3NoIEhEAAAAAAAAAAAAAAAAAAAAy2mnH0grAAAABckEGEM4Nl9DaGVuX2V0YWxfRUgyMDA4LnBkZgAAAAAAAAAAAAAAAAAAAAAAAAAAAAAAAAAAAAAAAAAAAAAAAAAAAAKU2nvPmo1ZAAAAAAAAAAAAAwACAAAJIAAAAAAAAAAAAAAAAAAAAAlEb3dubG9hZHMAABAACAAAy2ntbwAAABEACAAAz5rFmQAAAAEADAAFyQQABciiAAC5VwACAEBNYWNpbnRvc2ggSEQ6VXNlcnM6AG1pY2hhZWw6AERvd25sb2FkczoAQzg2X0NoZW5fZXRhbF9FSDIwMDgucGRmAA4AMgAYAEMAOAA2AF8AQwBoAGUAbgBfAGUAdABhAGwAXwBFAEgAMgAwADAAOAAuAHAAZABmAA8AGgAMAE0AYQBjAGkAbgB0AG8AcwBoACAASABEABIAMFVzZXJzL21pY2hhZWwvRG93bmxvYWRzL0M4Nl9DaGVuX2V0YWxfRUgyMDA4LnBkZgATAAEvAAAVAAIADv//AACABtIbHB0eWiRjbGFzc25hbWVYJGNsYXNzZXNdTlNNdXRhYmxlRGF0YaMdHyBWTlNEYXRhWE5TT2JqZWN00hscIiNcTlNEaWN0aW9uYXJ5oiIgXxAPTlNLZXllZEFyY2hpdmVy0SYnVHJvb3SAAQAIABEAGgAjAC0AMgA3AEAARgBNAFUAYABnAGoAbABuAHEAcwB1AHcAhACOALwAwQDJAnUCdwJ8AocCkAKeAqICqQKyArcCxALHAtkC3ALhAAAAAAAAAgEAAAAAAAAAKAAAAAAAAAAAAAAAAAAAAuM=}}

@inproceedings{seaborn2010exploring,
	Author = {Seaborn, Katie and Riecke, Bernhard E and Antle, Alissa N},
	Booktitle = {Haptic Audio-Visual Environments and Games (HAVE), 2010 IEEE International Symposium on},
	Date-Added = {2014-05-15 19:24:31 +0000},
	Date-Modified = {2014-05-16 14:16:25 +0000},
	Keywords = {mgds},
	Organization = {IEEE},
	Pages = {1--6},
	Title = {Exploring the interplay of visual and haptic modalities in a pattern-matching task},
	Year = {2010},
	Bdsk-File-1 = {YnBsaXN0MDDUAQIDBAUGJCVYJHZlcnNpb25YJG9iamVjdHNZJGFyY2hpdmVyVCR0b3ASAAGGoKgHCBMUFRYaIVUkbnVsbNMJCgsMDxJXTlMua2V5c1pOUy5vYmplY3RzViRjbGFzc6INDoACgAOiEBGABIAFgAdccmVsYXRpdmVQYXRoWWFsaWFzRGF0YV8QmS4uLy4uLy4uL0Rvd25sb2Fkcy9TZWFib3JuUmllY2tlQW50bGVfMjAxMF9JRUVFLUhBVkVfX0V4cGxvcmluZ190aGVfSW50ZXJwbGF5X29mX1Zpc3VhbF9hbmRfSGFwdGljX19Nb2RhbGl0aWVzX2luX2FfUGF0dGVybi1NYXRjaGluZ19UYXNrX2FzU3VibWl0dGVkLnBkZtIXCxgZV05TLmRhdGFPEQL6AAAAAAL6AAIAAAxNYWNpbnRvc2ggSEQAAAAAAAAAAAAAAAAAAADLaacfSCsAAAAFyQQfU2VhYm9yblJpZWNrZUFudGxlXyMyOTREODU2LnBkZgAAAAAAAAAAAAAAAAAAAAAAAAAAAAAAAAAAAAAAAAAAApTYVs+ajLoAAAAAAAAAAAADAAIAAAkgAAAAAAAAAAAAAAAAAAAACURvd25sb2FkcwAAEAAIAADLae1vAAAAEQAIAADPmsT6AAAAAQAMAAXJBAAFyKIAALlXAAIAR01hY2ludG9zaCBIRDpVc2VyczoAbWljaGFlbDoARG93bmxvYWRzOgBTZWFib3JuUmllY2tlQW50bGVfIzI5NEQ4NTYucGRmAAAOAQ4AhgBTAGUAYQBiAG8AcgBuAFIAaQBlAGMAawBlAEEAbgB0AGwAZQBfADIAMAAxADAAXwBJAEUARQBFAC0ASABBAFYARQBfAF8ARQB4AHAAbABvAHIAaQBuAGcAXwB0AGgAZQBfAEkAbgB0AGUAcgBwAGwAYQB5AF8AbwBmAF8AVgBpAHMAdQBhAGwAXwBhAG4AZABfAEgAYQBwAHQAaQBjAF8AXwBNAG8AZABhAGwAaQB0AGkAZQBzAF8AaQBuAF8AYQBfAFAAYQB0AHQAZQByAG4ALQBNAGEAdABjAGgAaQBuAGcAXwBUAGEAcwBrAF8AYQBzAFMAdQBiAG0AaQB0AHQAZQBkAC4AcABkAGYADwAaAAwATQBhAGMAaQBuAHQAbwBzAGgAIABIAEQAEgCeVXNlcnMvbWljaGFlbC9Eb3dubG9hZHMvU2VhYm9yblJpZWNrZUFudGxlXzIwMTBfSUVFRS1IQVZFX19FeHBsb3JpbmdfdGhlX0ludGVycGxheV9vZl9WaXN1YWxfYW5kX0hhcHRpY19fTW9kYWxpdGllc19pbl9hX1BhdHRlcm4tTWF0Y2hpbmdfVGFza19hc1N1Ym1pdHRlZC5wZGYAEwABLwAAFQACAA7//wAAgAbSGxwdHlokY2xhc3NuYW1lWCRjbGFzc2VzXU5TTXV0YWJsZURhdGGjHR8gVk5TRGF0YVhOU09iamVjdNIbHCIjXE5TRGljdGlvbmFyeaIiIF8QD05TS2V5ZWRBcmNoaXZlctEmJ1Ryb290gAEACAARABoAIwAtADIANwBAAEYATQBVAGAAZwBqAGwAbgBxAHMAdQB3AIQAjgEqAS8BNwQ1BDcEPARHBFAEXgRiBGkEcgR3BIQEhwSZBJwEoQAAAAAAAAIBAAAAAAAAACgAAAAAAAAAAAAAAAAAAASj}}

@inproceedings{matscheko2010tactor,
	Abstract = {Vibro-tactile stimulation has been revealed as a potentially effective means to deliver spontaneous notifications like alerts to recipients that are focused on other tasks (although only at very low bit rates, and depending on the place at which the tactors are placed). This work addresses the issue of the amount of information that can be perceived via stimuli coming from wrist worn tactors, given the recipient is not expecting or attentive to the potential occurrence of an alert. Assuming apparel like wrist watches with embedded tactors to represent the alert delivery platform, we investigate - respecting physiognomical properties of tactile perception-the effectiveness of different tactor placements. We compare the case of embedding 4 tactors underneath the ``face'' of the wrist watch, against the case of embedding it into the wristband (``wrist''). A user study of 1,823 trials has been conducted involving recipients exposed to different levels of engagement in a certain activity. The experiments show, that the amount of information perceived via spontaneous tactile alerts ranges from 1.90-2.49 bits at low, to 1.59-2.41 bits at high levels of engagement. The ``wrist'' tactor placement achieves a 41.6 % higher perception bit rate than the ``face'' tactor placement.},
	Author = {Matscheko, Michael and Ferscha, Alois and Riener, Andreas and Lehner, Manuel},
	Booktitle = {Wearable Computers (ISWC), 2010 International Symposium on},
	Date-Added = {2014-05-15 19:20:31 +0000},
	Date-Modified = {2014-05-16 14:17:42 +0000},
	Keywords = {mgds},
	Organization = {IEEE},
	Pages = {1--8},
	Title = {Tactor placement in wrist worn wearables},
	Year = {2010},
	Bdsk-File-1 = {YnBsaXN0MDDUAQIDBAUGJCVYJHZlcnNpb25YJG9iamVjdHNZJGFyY2hpdmVyVCR0b3ASAAGGoKgHCBMUFRYaIVUkbnVsbNMJCgsMDxJXTlMua2V5c1pOUy5vYmplY3RzViRjbGFzc6INDoACgAOiEBGABIAFgAdccmVsYXRpdmVQYXRoWWFsaWFzRGF0YV8QKS4uLy4uLy4uL0Rvd25sb2Fkcy8zMmJmZTUwY2VlMGRjZTM2YmMucGRm0hcLGBlXTlMuZGF0YU8RAaAAAAAAAaAAAgAADE1hY2ludG9zaCBIRAAAAAAAAAAAAAAAAAAAAMtppx9IKwAAAAXJBBYzMmJmZTUwY2VlMGRjZTM2YmMucGRmAAAAAAAAAAAAAAAAAAAAAAAAAAAAAAAAAAAAAAAAAAAAAAAAAAAAAAAClNfrz5qMCwAAAAAAAAAAAAMAAgAACSAAAAAAAAAAAAAAAAAAAAAJRG93bmxvYWRzAAAQAAgAAMtp7W8AAAARAAgAAM+axEsAAAABAAwABckEAAXIogAAuVcAAgA+TWFjaW50b3NoIEhEOlVzZXJzOgBtaWNoYWVsOgBEb3dubG9hZHM6ADMyYmZlNTBjZWUwZGNlMzZiYy5wZGYADgAuABYAMwAyAGIAZgBlADUAMABjAGUAZQAwAGQAYwBlADMANgBiAGMALgBwAGQAZgAPABoADABNAGEAYwBpAG4AdABvAHMAaAAgAEgARAASAC5Vc2Vycy9taWNoYWVsL0Rvd25sb2Fkcy8zMmJmZTUwY2VlMGRjZTM2YmMucGRmABMAAS8AABUAAgAO//8AAIAG0hscHR5aJGNsYXNzbmFtZVgkY2xhc3Nlc11OU011dGFibGVEYXRhox0fIFZOU0RhdGFYTlNPYmplY3TSGxwiI1xOU0RpY3Rpb25hcnmiIiBfEA9OU0tleWVkQXJjaGl2ZXLRJidUcm9vdIABAAgAEQAaACMALQAyADcAQABGAE0AVQBgAGcAagBsAG4AcQBzAHUAdwCEAI4AugC/AMcCawJtAnICfQKGApQCmAKfAqgCrQK6Ar0CzwLSAtcAAAAAAAACAQAAAAAAAAAoAAAAAAAAAAAAAAAAAAAC2Q==}}

@manual{aprk2014boid,
	Author = {APRK, Topics},
	Date-Added = {2014-05-12 19:44:36 +0000},
	Date-Modified = {2014-05-12 19:59:48 +0000},
	Lastchecked = {2014-05-12},
	Rating = {0},
	Title = {Boid Algorithm},
	Url = {http://frnsys.com/topics/boids},
	Year = {2014},
	Bdsk-Url-1 = {http://frnsys.com/topics/boids}}

@book{clancey1997situated,
	Author = {Clancey, William J},
	Date-Added = {2014-05-12 15:49:08 +0000},
	Date-Modified = {2014-05-12 15:49:08 +0000},
	Publisher = {Cambridge University Press},
	Title = {Situated cognition: On human knowledge and computer representations},
	Year = {1997}}

@manual{fung2014how,
	Author = {Kaiser Fung},
	Date-Added = {2014-05-12 14:27:09 +0000},
	Date-Modified = {2014-05-12 20:00:06 +0000},
	Lastchecked = {2014-05-12},
	Month = {02},
	Rating = {0},
	Title = {How effective visualization brings data alive},
	Url = {http://junkcharts.typepad.com/junk_charts/small_multiples/},
	Year = {2014},
	Bdsk-Url-1 = {http://junkcharts.typepad.com/junk_charts/small_multiples/}}

@inproceedings{reynolds1987flocks,
	Author = {Reynolds, Craig W},
	Booktitle = {ACM SIGGRAPH Computer Graphics},
	Date-Added = {2014-05-10 00:24:45 +0000},
	Date-Modified = {2014-05-10 00:58:35 +0000},
	Organization = {ACM},
	Pages = {25--34},
	Title = {Flocks, herds and schools: A distributed behavioral model},
	Volume = {21 (4)},
	Year = {1987},
	Bdsk-File-1 = {YnBsaXN0MDDUAQIDBAUGJCVYJHZlcnNpb25YJG9iamVjdHNZJGFyY2hpdmVyVCR0b3ASAAGGoKgHCBMUFRYaIVUkbnVsbNMJCgsMDxJXTlMua2V5c1pOUy5vYmplY3RzViRjbGFzc6INDoACgAOiEBGABIAFgAdccmVsYXRpdmVQYXRoWWFsaWFzRGF0YV8QIy4uLy4uLy4uL0Rvd25sb2Fkcy9wMjUtcmV5bm9sZHMucGRm0hcLGBlXTlMuZGF0YU8RAYgAAAAAAYgAAgAADE1hY2ludG9zaCBIRAAAAAAAAAAAAAAAAAAAAMtppx9IKwAAAAXJBBBwMjUtcmV5bm9sZHMucGRmAAAAAAAAAAAAAAAAAAAAAAAAAAAAAAAAAAAAAAAAAAAAAAAAAAAAAAAAAAAAAAACk9FYz5LqZQAAAAAAAAAAAAMAAgAACSAAAAAAAAAAAAAAAAAAAAAJRG93bmxvYWRzAAAQAAgAAMtp7W8AAAARAAgAAM+TIqUAAAABAAwABckEAAXIogAAuVcAAgA4TWFjaW50b3NoIEhEOlVzZXJzOgBtaWNoYWVsOgBEb3dubG9hZHM6AHAyNS1yZXlub2xkcy5wZGYADgAiABAAcAAyADUALQByAGUAeQBuAG8AbABkAHMALgBwAGQAZgAPABoADABNAGEAYwBpAG4AdABvAHMAaAAgAEgARAASAChVc2Vycy9taWNoYWVsL0Rvd25sb2Fkcy9wMjUtcmV5bm9sZHMucGRmABMAAS8AABUAAgAO//8AAIAG0hscHR5aJGNsYXNzbmFtZVgkY2xhc3Nlc11OU011dGFibGVEYXRhox0fIFZOU0RhdGFYTlNPYmplY3TSGxwiI1xOU0RpY3Rpb25hcnmiIiBfEA9OU0tleWVkQXJjaGl2ZXLRJidUcm9vdIABAAgAEQAaACMALQAyADcAQABGAE0AVQBgAGcAagBsAG4AcQBzAHUAdwCEAI4AtAC5AMECTQJPAlQCXwJoAnYCegKBAooCjwKcAp8CsQK0ArkAAAAAAAACAQAAAAAAAAAoAAAAAAAAAAAAAAAAAAACuw==}}

@article{jennings1996coordination,
	Author = {Jennings, Nick R},
	Date-Added = {2014-05-10 00:12:09 +0000},
	Date-Modified = {2014-05-10 00:12:09 +0000},
	Journal = {Foundations of distributed artificial intelligence},
	Pages = {187--210},
	Publisher = {John Wiley and Sons},
	Title = {Coordination techniques for distributed artificial intelligence},
	Year = {1996}}

@article{malone1999tools,
	Author = {Malone, Thomas W and Crowston, Kevin and Lee, Jintae and Pentland, Brian and Dellarocas, Chrysanthos and Wyner, George and Quimby, John and Osborn, Charles S and Bernstein, Abraham and Herman, George and others},
	Date-Added = {2014-05-10 00:04:56 +0000},
	Date-Modified = {2014-05-10 00:04:56 +0000},
	Journal = {Management Science},
	Number = {3},
	Pages = {425--443},
	Publisher = {INFORMS},
	Title = {Tools for inventing organizations: Toward a handbook of organizational processes},
	Volume = {45},
	Year = {1999},
	Bdsk-File-1 = {YnBsaXN0MDDUAQIDBAUGJCVYJHZlcnNpb25YJG9iamVjdHNZJGFyY2hpdmVyVCR0b3ASAAGGoKgHCBMUFRYaIVUkbnVsbNMJCgsMDxJXTlMua2V5c1pOUy5vYmplY3RzViRjbGFzc6INDoACgAOiEBGABIAFgAdccmVsYXRpdmVQYXRoWWFsaWFzRGF0YV8QHi4uLy4uLy4uL0Rvd25sb2Fkcy8xOTk1MjYxLnBkZtIXCxgZV05TLmRhdGFPEQF2AAAAAAF2AAIAAAxNYWNpbnRvc2ggSEQAAAAAAAAAAAAAAAAAAADLaacfSCsAAAAFyQQLMTk5NTI2MS5wZGYAAAAAAAAAAAAAAAAAAAAAAAAAAAAAAAAAAAAAAAAAAAAAAAAAAAAAAAAAAAAAAAAAAAAAApPP/M+S5UIAAAAAAAAAAAADAAIAAAkgAAAAAAAAAAAAAAAAAAAACURvd25sb2FkcwAAEAAIAADLae1vAAAAEQAIAADPkx2CAAAAAQAMAAXJBAAFyKIAALlXAAIAM01hY2ludG9zaCBIRDpVc2VyczoAbWljaGFlbDoARG93bmxvYWRzOgAxOTk1MjYxLnBkZgAADgAYAAsAMQA5ADkANQAyADYAMQAuAHAAZABmAA8AGgAMAE0AYQBjAGkAbgB0AG8AcwBoACAASABEABIAI1VzZXJzL21pY2hhZWwvRG93bmxvYWRzLzE5OTUyNjEucGRmAAATAAEvAAAVAAIADv//AACABtIbHB0eWiRjbGFzc25hbWVYJGNsYXNzZXNdTlNNdXRhYmxlRGF0YaMdHyBWTlNEYXRhWE5TT2JqZWN00hscIiNcTlNEaWN0aW9uYXJ5oiIgXxAPTlNLZXllZEFyY2hpdmVy0SYnVHJvb3SAAQAIABEAGgAjAC0AMgA3AEAARgBNAFUAYABnAGoAbABuAHEAcwB1AHcAhACOAK8AtAC8AjYCOAI9AkgCUQJfAmMCagJzAngChQKIApoCnQKiAAAAAAAAAgEAAAAAAAAAKAAAAAAAAAAAAAAAAAAAAqQ=}}

@manual{beaton2009ant,
	Author = {Jonathan Beaton},
	Date-Added = {2014-05-09 20:35:43 +0000},
	Date-Modified = {2014-05-09 20:37:30 +0000},
	Month = {01},
	Title = {Ant-People Descend on Washington DC},
	Url = {http://jonathan.beaton.name/archives/771},
	Year = {2009},
	Bdsk-Url-1 = {http://jonathan.beaton.name/archives/771}}

@article{hsieh2012high,
	Author = {Hsieh, Tung-Ju and Chang, Yang-Lang and Huang, Bormin},
	Date-Added = {2014-05-09 20:19:45 +0000},
	Date-Modified = {2014-05-09 20:19:45 +0000},
	Journal = {Journal of Applied Remote Sensing},
	Number = {1},
	Pages = {061502--1},
	Publisher = {International Society for Optics and Photonics},
	Title = {High-performance visual analytics of terrestrial light detection and ranging data on large display wall},
	Volume = {6},
	Year = {2012}}

@manual{marty2012steps,
	Author = {Raffael Marty},
	Date-Added = {2014-05-09 19:58:04 +0000},
	Date-Modified = {2014-05-09 20:00:21 +0000},
	Lastchecked = {2014-05-09},
	Month = {01},
	Title = {The Steps To a Mature Visual Analytics Practice},
	Url = {http://raffy.ch/blog/2012/01/08/the-steps-to-a-mature-visual-analytics-practice/},
	Year = {2012},
	Bdsk-Url-1 = {http://raffy.ch/blog/2012/01/08/the-steps-to-a-mature-visual-analytics-practice/}}

@book{holland2000emergence,
	Author = {Holland, John H},
	Date-Added = {2014-05-09 16:04:53 +0000},
	Date-Modified = {2014-05-09 16:04:53 +0000},
	Publisher = {Oxford University Press},
	Title = {Emergence: From chaos to order},
	Year = {2000}}

@book{kelly1994out,
	Author = {Kelly, Kevin},
	Date-Added = {2014-05-09 16:03:47 +0000},
	Date-Modified = {2014-05-09 16:03:47 +0000},
	Publisher = {Basic Books},
	Title = {Out of control: the new biology of machines, social systems and the economic world},
	Year = {1994}}

@book{schon1983reflective,
	Author = {Sch{\"o}n, Donald A},
	Date-Added = {2014-05-09 16:02:57 +0000},
	Date-Modified = {2014-05-09 16:02:57 +0000},
	Publisher = {Basic books},
	Title = {The reflective practitioner: How professionals think in action},
	Volume = {5126},
	Year = {1983}}

@book{resnick1994turtles,
	Author = {Resnick, Mitchel},
	Date-Added = {2014-05-09 16:02:24 +0000},
	Date-Modified = {2014-05-09 16:02:24 +0000},
	Publisher = {Mit Press},
	Title = {Turtles, termites, and traffic jams: Explorations in massively parallel microworlds},
	Year = {1994}}

@book{clark1996using,
	Author = {Clark, Herbert H},
	Date-Added = {2014-05-09 16:01:40 +0000},
	Date-Modified = {2014-05-09 16:01:40 +0000},
	Publisher = {Cambridge University Press},
	Title = {Using language},
	Year = {1996}}

@book{bonabeau1999swarm,
	Author = {Bonabeau, Eric and Dorigo, Marco and Theraulaz, Guy},
	Date-Added = {2014-05-09 16:00:12 +0000},
	Date-Modified = {2014-05-09 16:00:12 +0000},
	Publisher = {Oxford},
	Title = {Swarm intelligence},
	Year = {1999}}

@book{simon1996sciences,
	Author = {Simon, Herbert Alexander},
	Date-Added = {2014-05-09 15:57:55 +0000},
	Date-Modified = {2014-05-09 15:57:55 +0000},
	Publisher = {MIT press},
	Title = {The sciences of the artificial},
	Year = {1996}}

@manual{simon1994thinking,
	Author = {Doug Stewart},
	Date-Added = {2014-05-09 15:48:18 +0000},
	Date-Modified = {2014-05-09 16:12:50 +0000},
	Lastchecked = {2014-05-09},
	Month = {06},
	Rating = {1},
	Title = {Interview with Herbert A. Simon: Thinking Machines},
	Url = {http://www.astralgia.com/webportfolio/omnimoment/archives/interviews/simon.html},
	Year = {1994},
	Bdsk-Url-1 = {http://www.astralgia.com/webportfolio/omnimoment/archives/interviews/simon.html}}

@book{keim2008visual,
	Author = {Keim, Daniel and Andrienko, Gennady and Fekete, Jean-Daniel and G{\"o}rg, Carsten and Kohlhammer, J{\"o}rn and Melan{\c{c}}on, Guy},
	Date-Added = {2014-05-09 13:16:35 +0000},
	Date-Modified = {2014-05-09 13:16:50 +0000},
	Keywords = {definition},
	Publisher = {Springer},
	Title = {Visual analytics: Definition, process, and challenges},
	Year = {2008},
	Bdsk-File-1 = {YnBsaXN0MDDUAQIDBAUGJCVYJHZlcnNpb25YJG9iamVjdHNZJGFyY2hpdmVyVCR0b3ASAAGGoKgHCBMUFRYaIVUkbnVsbNMJCgsMDxJXTlMua2V5c1pOUy5vYmplY3RzViRjbGFzc6INDoACgAOiEBGABIAFgAdccmVsYXRpdmVQYXRoWWFsaWFzRGF0YV8QJi4uLy4uLy4uL0Rvd25sb2Fkcy9WQUNoYXB0ZXJfZmluYWwucGRm0hcLGBlXTlMuZGF0YU8RAZYAAAAAAZYAAgAADE1hY2ludG9zaCBIRAAAAAAAAAAAAAAAAAAAAMtppx9IKwAAAAXJBBNWQUNoYXB0ZXJfZmluYWwucGRmAAAAAAAAAAAAAAAAAAAAAAAAAAAAAAAAAAAAAAAAAAAAAAAAAAAAAAAAAAACk6Nsz5JNmgAAAAAAAAAAAAMAAgAACSAAAAAAAAAAAAAAAAAAAAAJRG93bmxvYWRzAAAQAAgAAMtp7W8AAAARAAgAAM+ShdoAAAABAAwABckEAAXIogAAuVcAAgA7TWFjaW50b3NoIEhEOlVzZXJzOgBtaWNoYWVsOgBEb3dubG9hZHM6AFZBQ2hhcHRlcl9maW5hbC5wZGYAAA4AKAATAFYAQQBDAGgAYQBwAHQAZQByAF8AZgBpAG4AYQBsAC4AcABkAGYADwAaAAwATQBhAGMAaQBuAHQAbwBzAGgAIABIAEQAEgArVXNlcnMvbWljaGFlbC9Eb3dubG9hZHMvVkFDaGFwdGVyX2ZpbmFsLnBkZgAAEwABLwAAFQACAA7//wAAgAbSGxwdHlokY2xhc3NuYW1lWCRjbGFzc2VzXU5TTXV0YWJsZURhdGGjHR8gVk5TRGF0YVhOU09iamVjdNIbHCIjXE5TRGljdGlvbmFyeaIiIF8QD05TS2V5ZWRBcmNoaXZlctEmJ1Ryb290gAEACAARABoAIwAtADIANwBAAEYATQBVAGAAZwBqAGwAbgBxAHMAdQB3AIQAjgC3ALwAxAJeAmACZQJwAnkChwKLApICmwKgAq0CsALCAsUCygAAAAAAAAIBAAAAAAAAACgAAAAAAAAAAAAAAAAAAALM}}
